<record><leader>00000cas a22000007a 4500</leader><controlfield tag="001">13090888</controlfield><controlfield tag="008">860131d18791882wvuwr ne      0    0eng d</controlfield><datafield ind1=" " ind2=" " tag="010"><subfield code="a">sn 86092114 </subfield></datafield><datafield ind1=" " ind2=" " tag="040"><subfield code="a">WVC</subfield><subfield code="b">eng</subfield><subfield code="c">WVC</subfield><subfield code="d">OCL</subfield><subfield code="d">OCLCQ</subfield></datafield><datafield ind1=" " ind2=" " tag="042"><subfield code="a">msc</subfield></datafield><datafield ind1="0" ind2="0" tag="245"><subfield code="a">Alderson enterprise.</subfield></datafield><datafield ind1=" " ind2=" " tag="260"><subfield code="a">Alderson, W. Va. :</subfield><subfield code="b">John M. Ferguson</subfield></datafield><datafield ind1=" " ind2=" " tag="300"><subfield code="a">v.</subfield></datafield><datafield ind1=" " ind2=" " tag="310"><subfield code="a">Weekly</subfield></datafield><datafield ind1="1" ind2=" " tag="362"><subfield code="a">Began Feb. 1, 1879; ceased July 21, 1882.</subfield><subfield code="z">Cf. Dixon, Thomas W., Jr. Rise and Fall of Alderson, W. Va.</subfield></datafield><datafield ind1=" " ind2=" " tag="500"><subfield code="a">"Democratic."</subfield></datafield><datafield ind1=" " ind2=" " tag="500"><subfield code="a">Publishers: John M. Ferguson, Feb., 1879-July, 1879; Ferguson &amp; Gwinn, July, 1879-Oct., 1880; John M. Ferguson &amp; Rev. Baylus Cade, Oct., 1880-1881; John M. Ferguson, 1881-July 21, 1882.</subfield></datafield><datafield ind1=" " ind2=" " tag="580"><subfield code="a">Succeeded by: Alderson statesman (non-extant).</subfield></datafield><datafield ind1=" " ind2=" " tag="588"><subfield code="a">Description based on: Vol. 2, no. 47 (Dec. 16, 1880).</subfield></datafield><datafield ind1=" " ind2=" " tag="752"><subfield code="a">United States</subfield><subfield code="b">West Virginia</subfield><subfield code="c">Monroe</subfield><subfield code="d">Alderson.</subfield></datafield><datafield ind1="1" ind2="0" tag="785"><subfield code="t">Alderson statesman</subfield></datafield></record>